@article{k-means,
 ISSN = {00359254, 14679876},
 URL = {http://www.jstor.org/stable/2346830},
 author = {J. A. Hartigan and M. A. Wong},
 journal = {Journal of the Royal Statistical Society. Series C (Applied Statistics)},
 number = {1},
 pages = {100--108},
 publisher = {[Wiley, Royal Statistical Society]},
 title = {Algorithm AS 136: A K-Means Clustering Algorithm},
 volume = {28},
 year = {1979}
}

@INPROCEEDINGS{posterior1,
author={B. {Alothman} and P. {Rattadilok}},
booktitle={2017 12th International Conference for Internet Technology and Secured Transactions (ICITST)},
title={Android botnet detection: An integrated source code mining approach},
year={2017},
volume={},
number={},
pages={111-115},
keywords={Android (operating system);computer crime;data mining;invasive software;operating systems (computers);security of data;smart phones;open-source tool;integrated source code mining approach;malicious cyber-attacks;installing malicious apps;dangerous hacking approaches;smartphone users;sensitive data;credit card details;individual hosts;service attacks;reverse engineering;data mining techniques;smartphone operating systems;Android Play Store;source code metric extraction;Botnet Android mobile apps;Botnet developers;Android Botnet detection;Botnet;Java;Androids;Humanoid robots;Feature extraction;Tools;Data mining;component;Android Botnet Detection;Document Analysis;Source Code Mining;Android App;Reverse Engineering;Malware Detection},
doi={10.23919/ICITST.2017.8356358},
ISSN={},
month={Dec},}

@INPROCEEDINGS{posterior2,
author={M. {Oulehla}},
booktitle={2015 IEEE International Symposium on Signal Processing and Information Technology (ISSPIT)},
title={Investigation into Google Play security mechanisms via experimental botnet},
year={2015},
volume={},
number={},
pages={591-596},
keywords={computer network security;invasive software;mobile handsets;mobile device;security weaknesses;publishing applications;malicious behavior;Google Play security mechanism;testing application;mobile botnet client;malware application;security verification;Mobile communication;Google;Servers;Smart phones;Malware;Android;bot;botmaster;mobile botnet;C&C server;Google Pay;mobile devices},
doi={10.1109/ISSPIT.2015.7394406},
ISSN={},
month={Dec},}

